%Diese Datei enthält eine beispielhafte Literaturdatenbank.
%
%Für LaTeX existieren verschiedene Literaturverwaltungssysteme, die diese Datei verarbeiten und daraus ein Literaturverzeichnis erstellen. Das Standardprogramm zur Literaturverwaltung in LaTeX ist das Programm BibTeX. Daneben ist noch das Programm biber in Kombination mit dem Paket biblatex verbreitet.
%
%Als Einstieg in die Literaturverwaltungssysteme sei auf die folgenden URLs verwiesen:
% https://de.wikipedia.org/wiki/BibTeX
% https://en.wikibooks.org/wiki/LaTeX/Bibliography_Management
% http://tex.stackexchange.com/questions/25701/bibtex-vs-biber-and-biblatex-vs-natbib
%
% Die LaTeX-Vorlage ist derzeit für BibTeX vorkonfiguriert.

@book{tanenbaum:VerteilteSysteme,
    author    = {Andrew S. Tanenbaum, Maarten van Steen},
    isbn	  = {978-3-8273-7293-2},
    title     = {Verteilte Systeme - Prinzipien und Paradigmen},
    volume = {2., aktualisierte Auflage},
    year      = {2007}
}

@misc{mfowler:BoundedContext,
    author	  = {Martin Fowler},
    title     = {BoundedContext},
    howpublished = {http://martinfowler.com/bliki/BoundedContext.html},
    note	  = {Stand 09.05.2016}
}

@misc{100QA,
    author	= {Kerrie Holley, Dr. Ali Arsanjani},
    title	= {100 SOA Questions Asked and Answered},
    howpublished = {http://www.professores.uff.br/screspo/100-SOA-Questions.pdf},
    isbn-10    = {1-256-05392-9},
    isbn-13    = {978-1-256-05392-7}
}

@book{EWolff2016:Microservices,
    author    = {Eberhard Wolff},
    isbn	  = {987-3-86490-313-7},
    title     = {Microservices - Grundlagen flexibler Softwareentwicklung},
    publisher = {dpunkt.verlag},
    address   = {Heidelberg},
    year      = {2016}
}

@book{EWolff2015:ContinuouosDelivery,
    author    = {Eberhard Wolff},
    isbn	  = {978-3-86490-208-6},
    title     = {Continuouos Delivery - Der Pragmatische Einstieg},
    publisher = {dpunkt.verlag},
    address   = {Heidelberg},
    year      = {2015}
}

@misc{SOAForDummies,
    title	= {Service Oriented Architecture For Dummies},
    author	= {Judith Hurwitz and Robin Bloo and Marcia Kaufman and Dr. Fern Halper},
    isbn-13    = {978-0-470-52549-4},
    volume = {2nd IBM Limited Edition}
} 

@misc{chaosmonkey,
    title = {Chaos Monkey Released Into The Wild},
    howpublished = {http://techblog.netflix.com/2012/07/chaos-monkey-released-into-wild.html},
    author = {Cory Bennett and Ariel Tseitlin},
    year = {2012},
    note = {last visited: 04.12.2016}
}